@article{wiggins2006preliminary,
  title={A preliminary framework for description, analysis and comparison of creative systems},
  author={Wiggins, Geraint A},
  journal={Knowledge-Based Systems},
  volume={19},
  number={7},
  pages={449--458},
  year={2006},
  publisher={Elsevier}
}
@inproceedings{eigenfeldt2012evaluating,
  title={Evaluating musical metacreation in a live performance context},
  author={Eigenfeldt, Arne and Burnett, Adam and Pasquier, Philippe},
  booktitle={Proceedings of the Third International Conference on Computational Creativity},
  pages={140--144},
  year={2012}
 }
@inproceedings{colton2012computational,
  title={Computational creativity: the final frontier?},
  author={Colton, Simon and Wiggins, Geraint A},
  booktitle={Proceedings of the European Conference on Artificial Intelligence},
  volume={12},
  pages={21--26},
  year={2012}
}
@book{boden2004creative,
  title={The Creative Mind: Myths and Mechanisms},
  author={Boden, Margaret A},
  year={2004},
  publisher={Psychology Press}
}
@article{buchanan2001creativity,
  title={Creativity at the metalevel: {AAAI}-2000 presidential address},
  author={Buchanan, Bruce G},
  journal={AI Magazine},
  volume={22},
  number={3},
  pages={13},
  year={2001}
}
@inproceedings{colton2009seven,
  title={Seven catchy phrases for computational creativity research},
  author={Colton, Simon},
  booktitle={Proceedings of the Dagstuhl Seminar: Computational Creativity: An Interdisciplinary Approach},
  year={2009}
}
@incollection{johnson1991jazz,
  title={Jazz improvisation: A theory at the computational level},
  author={Johnson-Laird, Philip N},
  editor={Howell, Peter and West, Robert and Ian Cross},
  booktitle={Representing Musical Structure},
  pages={291--325},
  year={1991},
  publisher={Academic Press},
  address={London}
}
@inproceedings{mihalcea2012lyrics,
  title={Lyrics, music, and emotions},
  author={Mihalcea, Rada and Strapparava, Carlo},
  booktitle={Proceedings of the Joint Conference on Empirical Methods in Natural Language Processing and Computational Natural Language Learning},
  pages={590--599},
  year={2012},
  organization={Association for Computational Linguistics}
}
@inproceedings{toivanen2012corpus,
  title={Corpus-based generation of content and form in poetry},
  author={Toivanen, Jukka and Toivonen, Hannu and Valitutti, Alessandro and Gross, Oskar and others},
  booktitle={Proceedings of the International Conference on Computational Creativity},
  year={2012},
  pages={175--179}
}
@inproceedings{toivanen2013automatical,
  title={Automatical composition of lyrical songs},
  author={Toivanen, Jukka M and Toivonen, Hannu and Valitutti, Alessandro and others},
  booktitle={Proceedings of the International Conference on Computational Creativity},
  year={2013},
  pages={87-91}
}
@incollection{pachet2014imitative,
  title={Imitative Leadsheet Generation with User Constraints},
  author={Pachet, Fran{\c{c}}ois and Roy, Pierre},
  booktitle={Frontiers in Artificial Intelligence and Applications},
  volume={263},
  pages={1077-1078},
  year={2014},
  publisher={IOS Press}
}
@incollection{oliveira2015poetry,
  title={Poetry Generation with {PoeTryMe}},
  author={Oliveira, Hugo Gon{\c{c}}alo and Cardoso, Am{\'\i}lcar},
  booktitle={Computational Creativity Research: Towards Creative Machines},
  pages={243--266},
  year={2015},
  publisher={Springer}
}
@inproceedings{papadopoulos2014avoiding,
  title={Avoiding Plagiarism in {M}arkov Sequence Generation},
  author={Papadopoulos, Alexandre and Roy, Pierre and Pachet, Fran{\c{c}}ois},
  booktitle={Proceedings of the Association for the Advancement of Artificial Intelligence Conference on Artificial Intelligence},
  year={2014}
}
@book{cope1996experiments,
  title={Experiments in Musical Intelligence},
  author={Cope, David},
  volume={12},
  year={1996},
  publisher={AR editions Madison, WI}
}
@article{steedman1984generative,
  title={A generative grammar for jazz chord sequences},
  author={Steedman, Mark J},
  journal={Music Perception},
  pages={52--77},
  volume={2},
  number={1},
  year={1984},
  publisher={University of California Press}
}
@article{ames1989markov,
  title={The {M}arkov process as a compositional model: a survey and tutorial},
  author={Ames, Charles},
  journal={Leonardo},
  pages={175--187},
  year={1989},
  publisher={JSTOR}
}
@article{conklin1995multiple,
  title={Multiple viewpoint systems for music prediction},
  author={Conklin, Darrell and Witten, Ian H},
  journal={Journal of New Music Research},
  volume={24},
  number={1},
  pages={51--73},
  year={1995},
  publisher={Taylor \& Francis}
}
@inproceedings{ebciouglu1988expert,
  title={An expert system for harmonizing four-part chorales},
  author={Ebcio{\u{g}}lu, Kemal},
  booktitle={Proceedings of the Association for the Advancement of Artificial Intelligence},
  pages={784-788},
  year={1986}
  }
@inproceedings{ramalho1994simulating,
  title={Simulating creativity in jazz performance},
  author={Ramalho, Geber and Ganascia, Jean-Gabriel},
  booktitle={Proceedings of the Association for the Advancement of Artificial Intelligence},
  volume={94},
  pages={108--113},
  year={1994}
}
%PACTs
@inproceedings{pachet1991representing, 
  title={Representing knowledge used by jazz musicians},
  author={Pachet, Fran{\c{c}}ois},
  booktitle={Proceedings of the International Computer Music Conference},
  pages={285--285},
  year={1991}
}
@article{dowling1978scale,
  title={Scale and contour: Two components of a theory of memory for melodies},
  author={Dowling, W Jay},
  journal={Psychological Review},
  volume={85},
  number={4},
  pages={341-354},
  year={1978},
  publisher={American Psychological Association}
}
@inproceedings{monteith2012automatic,
  title={Automatic generation of melodic accompaniments for lyrics},
  author={Monteith, Kristine and Martinez, Tony and Ventura, Dan},
  booktitle={Proceedings of the International Conference on Computational Creativity},
  pages={87--94},
  year={2012}
}
@inproceedings{scirea2015smug,
  title={{SMUG}: Scientific Music Generator},
  author={Scirea, Marco and Barros, Gabriella AB and Shaker, Noor and Togelius, Julian},
  booktitle={Proceedings of the International Conference on Computational Creativity},
  pages={204-211},
  year={2015}
}
@article{chuan2011generating,
  title={Generating and evaluating musical harmonizations that emulate style},
  author={Chuan, Ching-Hua and Chew, Elaine},
  journal={Computer Music Journal},
  volume={35},
  number={4},
  pages={64--82},
  year={2011},
  publisher={MIT Press}
}
@inproceedings{monteith2010automatic,
  title={Automatic generation of music for inducing emotive response},
  author={Monteith, Kristine and Martinez, Tony and Ventura, Dan},
  booktitle={Proceedings of the International Conference on Computational Creativity},
  pages={140--149},
  year={2010}
}
@book{parrott2001emotions,
  title={Emotions in Social Psychology: Essential Readings},
  author={Parrott, W Gerrod},
  year={2001},
  publisher={Psychology Press}
}
@article{ekman1993facial,
  title={Facial expression and emotion.},
  author={Ekman, Paul},
  journal={American Psychologist},
  volume={48},
  number={4},
  pages={384-392},
  year={1993},
  publisher={American Psychological Association}
}
@article{nunes2015power,
  title={The power of repetition: repetitive lyrics in a song increase processing fluency and drive market success},
  author={Nunes, Joseph C and Ordanini, Andrea and Valsesia, Francesca},
  journal={Journal of Consumer Psychology},
  volume={25},
  number={2},
  pages={187--199},
  year={2015},
  publisher={Elsevier}
}
@inproceedings{chi2009power,
  title={The power of words: Enhancing music mood estimation with textual input of lyrics},
  author={Chi, Chung Yi and Wu, Ying Shian and Chu, Wei Rong and Wu Jr, Daniel C and Tsai, Richard Tzong Han and others},
  booktitle={Proceedings of the International Conference on Affective Computing and Intelligent Interaction and Workshops},
  pages={1--6},
  year={2009},
  organization={IEEE}
}
@inproceedings{papadopoulos1999ai,
  title={{AI} methods for algorithmic composition: A survey, a critical view and future prospects},
  author={Papadopoulos, George and Wiggins, Geraint},
  booktitle={Proceedings of the AISB Symposium on Musical Creativity},
  pages={110--117},
  year={1999},
  organization={Edinburgh, UK}
}
@article{keller2013automating,
  title={Automating the explanation of jazz chord progressions using idiomatic analysis},
  author={Keller, Robert and Schofield, Alexandra and Toman-Yih, August and Merritt, Zachary and Elliott, John},
  journal={Computer Music Journal},
  volume={37},
  number={4},
  pages={54--69},
  year={2013},
  publisher={MIT Press}
}
@book{meyer2008emotion,
  title={Emotion and Meaning in Music},
  author={Meyer, Leonard B},
  year={2008},
  publisher={University of Chicago Press}
}
@inproceedings{foote2000automatic,
  title={Automatic audio segmentation using a measure of audio novelty},
  author={Foote, Jonathan},
  booktitle={Proceedings of the IEEE International Conference on Multimedia and Expo},
  volume={1},
  pages={452--455},
  year={2000},
  organization={IEEE}
}
@inproceedings{murray2012algorithmically,
  title={Algorithmically Flexible Style Composition Through Multi-Objective Fitness Functions},
  author={Murray, Skyler James and Ventura, Dan},
  booktitle={Proceedings of the International Workshop on Musical Metacreation},
  year={2012},
  pages={55-62}
}
@article{ritchie2007some,
  title={Some empirical criteria for attributing creativity to a computer program},
  author={Ritchie, Graeme},
  journal={Minds and Machines},
  volume={17},
  number={1},
  pages={67-99},
  year={2007},
  publisher={Springer}
}
@article{Lake11122015,
author = {Lake, Brenden M. and Salakhutdinov, Ruslan and Tenenbaum, Joshua B.}, 
title = {Human-level concept learning through probabilistic program induction},
volume = {350}, 
number = {6266}, 
pages = {1332-1338}, 
year = {2015}, 
doi = {10.1126/science.aab3050}, 
abstract ={People learning new concepts can often generalize successfully from just a single example, yet machine learning algorithms typically require tens or hundreds of examples to perform with similar accuracy. People can also use learned concepts in richer ways than conventional algorithms?for action, imagination, and explanation. We present a computational model that captures these human learning abilities for a large class of simple visual concepts: handwritten characters from the world?s alphabets. The model represents concepts as simple programs that best explain observed examples under a Bayesian criterion. On a challenging one-shot classification task, the model achieves human-level performance while outperforming recent deep learning approaches. We also present several ?visual Turing tests? probing the model?s creative generalization abilities, which in many cases are indistinguishable from human behavior.}, 
URL = {http://www.sciencemag.org/content/350/6266/1332.abstract}, 
eprint = {http://www.sciencemag.org/content/350/6266/1332.full.pdf}, 
journal = {Science} 
}
@inproceedings{lebaron2015intelligent,
  title={Intelligent Content Generation via Abstraction, Evolution and Reinforcement},
  author={LeBaron, Dean M and Mitchell, Logan A and Ventura, Dan},
  booktitle={Proceedings of the Artificial Intelligence and Interactive Digital Entertainment Conference},
  pages={36-41},
  year={2015}
}
@inproceedings{norton2015accounting,
  title={Accounting for Bias in the Evaluation of Creative Computational Systems: An Assessment of {DARCI}},
  author={Norton, David and Heath, Derrall and Ventura, Dan},
  booktitle={Proceedings of the International Conference on Computational Creativity},
  pages={31-38},
  year={2015}
}
@incollection{gabrielsson2001emotions,
  title={Emotions in strong experiences with music},
  booktitle={Music and Emotion: Theory and Research},
  author={Gabrielsson, Alf},
  pages={431-449},
  year={2001},
  publisher={Oxford University Press},
  address={New York},
  editor={Juslin, Patrik N. and Sloboda, John A.}
}
@article{togelius2011search,
  title={Search-based procedural content generation: A taxonomy and survey},
  author={Togelius, Julian and Yannakakis, Georgios N and Stanley, Kenneth O and Browne, Cameron},
  journal={Computational Intelligence and AI in Games, IEEE Transactions on},
  volume={3},
  number={3},
  pages={172--186},
  year={2011},
  publisher={IEEE}
}