@article{vos1996parallel,
  title={A parallel-processing key-finding model},
  author={Vos, Piet G and Van Geenen, Erwin W},
  journal={Music Perception: An Interdisciplinary Journal},
  volume={14},
  number={2},
  pages={185--223},
  year={1996},
  publisher={University of California Press Journals}
}
@inproceedings{hu2009probabilistic,
  title={A Probabilistic Topic Model for Unsupervised Learning of Musical Key-Profiles.},
  author={Hu, Diane and Saul, Lawrence K},
  booktitle={ISMIR},
  pages={441--446},
  year={2009},
  organization={Citeseer}
}
@inproceedings{shenoy2004key,
  title={Key determination of acoustic musical signals},
  author={Shenoy, Arun and Mohapatra, Roshni and Wang, Ye},
  booktitle={Multimedia and Expo, 2004. ICME'04. 2004 IEEE International Conference on},
  volume={3},
  pages={1771--1774},
  year={2004},
  organization={IEEE}
}
@article{mauch2010simultaneous,
  title={Simultaneous estimation of chords and musical context from audio},
  author={Mauch, Matthias and Dixon, Simon},
  journal={IEEE Transactions on Audio, Speech, and Language Processing},
  volume={18},
  number={6},
  pages={1280--1289},
  year={2010},
  publisher={IEEE}
}
@book{krumhansl2001cognitive,
  title={Cognitive foundations of musical pitch},
  author={Krumhansl, Carol L},
  year={2001},
  pages={77-110},
  publisher={Oxford University Press}
}
@incollection{temperley2002bayesian,
  title={A Bayesian approach to key-finding},
  author={Temperley, David},
  booktitle={Music and artificial intelligence},
  pages={195--206},
  year={2002},
  publisher={Springer}
}
@article{longuet1971interpreting,
  title={On interpreting bach},
  author={Longuet-Higgins, H Christopher and Steedman, Mark J},
  journal={Machine intelligence},
  volume={6},
  pages={221--241},
  year={1971}
}
@inproceedings{zhu2005music,
  title={Music key detection for musical audio},
  author={Zhu, Yongwei and Kankanhalli, Mohan S and Gao, Sheng},
  booktitle={11th International Multimedia Modelling Conference},
  pages={30--37},
  year={2005},
  organization={IEEE}
}
@article{schmuckler2005perceptual,
  title={Perceptual tests of an algorithm for musical key-finding.},
  author={Schmuckler, Mark A and Tomovski, Robert},
  journal={Journal of Experimental Psychology: Human Perception and Performance},
  volume={31},
  number={5},
  pages={1124},
  year={2005},
  publisher={American Psychological Association}
}
@article{chafe1982toward,
  title={Toward an intelligent editor of digital audio: Recognition of musical constructs},
  author={Chafe, Chris and Mont-Reynaud, Bernard and Rush, Loren},
  journal={Computer Music Journal},
  volume={6},
  number={1},
  pages={30--41},
  year={1982},
  publisher={JSTOR}
}

@inproceedings{colton2012computational,
  title={Computational creativity: The final frontier?},
  author={Colton, Simon and Wiggins, Geraint A and others},
  booktitle={ECAI},
  volume={12},
  pages={21--26},
  year={2012}
}

@inproceedings{bodily2017hbpl,
  title={{HBPL}: a Framework for Debating, Developing, and Reusing Foundational Models of Musical Metacreativity},
  author={Bodily, Paul Mark and Ventura, Dan},
  booktitle={Proceedings of the Fifth International Workshop on Musical Metacreation},
  year={2017}
}

@inproceedings{pasquier2012preface,
  title={Preface},
  author={Pasquier, Philippe and Eigenfeldt, Arne and Bown, Oliver},
  booktitle={Proceedings of the First International Workshop on Musical Metacreation},
  year={2012}
}