%insert your bibliography here
@book{Pasquier2012,
	pdf = {http://www.aaai.org/ocs/index.php/AIIDE/AIIDE12/schedConf/presentations},
	author = {Pasquier, Philippe and Eigenfeldt, Arne and Bown, Oliver},
	title = {Proceedings of the First International Workshop on Musical Metacreation (MUME 2012)},
	year = {2012},
	pages = {88},
	booktitle = {in conjunction with the The Eighth Annual AAAI Conference on Artificial Intelligence and Interactive Digital Entertainment, AAAI Technical Report WS-12-16},
	editor = {Bown, Oliver},
	publisher = {AAAI Press},
	opturl = {http://www.metacreation.net/mume2012/}
}

@book{Pasquier2013,
	author = {Pasquier, Philippe and Eigenfeldt, Arne and Bown, Oliver},
	title = {Proceedings of the Second International Workshop on Musical Metacreation (MUME 2013)},
	year = {2013},
	booktitle = {in conjunction with the The Ninth Annual AAAI Conference on Artificial Intelligence and Interactive Digital Entertainment, AAAI Technical Report WS-12-16},
	editor = {Bown, Oliver},
	publisher = {AAAI Press}
}
@book{Pasquier2014,
	author = {Pasquier, Philippe and Eigenfeldt, Arne and Bown, Oliver},
	title = {Proceedings of the Third International Workshop on Musical Metacreation (MUME 2014)},
	year = {2014},
	booktitle = {in conjunction with the The Tenth Annual AAAI Conference on Artificial Intelligence and Interactive Digital Entertainment, AAAI Technical Report WS-12-16},
	editor = {Bown, Oliver},
	publisher = {AAAI Press},
}


@article{liapis_workshops_2014,
	title = {Workshops {Held} at the {Ninth} {Annual} {AAAI} {Conference} on {Artificial} {Intelligence} and {Interactive} {Digital} {Entertainment} ({AIIDE}): {A} {Report}},
	volume = {35},
	shorttitle = {Workshops {Held} at the {Ninth} {Annual} {AAAI} {Conference} on {Artificial} {Intelligence} and {Interactive} {Digital} {Entertainment} ({AIIDE})},
	url = {http://aaaipress.org/ojs/index.php/aimagazine/article/view/2536},
	number = {2},
	urldate = {2016-06-06},
	journal = {AI Magazine},
	author = {Liapis, Antonios and Cook, Michael and Smith, Adam M. and Smith, Gillian and Zook, Alexander and Si, Mei and Cavazza, Marc and Pasquier, Philippe},
	year = {2014},
	pages = {65--68},
	file = {Liapis et al. - 2014 - Workshops Held at the Ninth Annual AAAI Conference.pdf:/Volumes/Macintosh HD 2/Dropbox/Zotero/My Library/storage/8SC6JWB2/Liapis et al. - 2014 - Workshops Held at the Ninth Annual AAAI Conference.pdf:application/pdf}
}


@article{bown_reports_2012,
	title = {Reports on the 2012 {AIIDE} {Workshops}},
	volume = {34},
	url = {http://www.aaai.org/ojs/index.php/aimagazine/article/view/2459},
	number = {1},
	urldate = {2016-06-06},
	journal = {AI Magazine},
	author = {Bown, Oliver and Eigenfeldt, Arne and Hodhod, Rania and Pasquier, Philippe and Swanson, Reid and Ware, Stephen G. and Zhu, Jichen},
	year = {2012},
	pages = {90},
	file = {2013-Reports_on_the_2012_AIIDE_Workshops-Bown_Oliver_and_Eigenfeldt_Arne_and_HodHod_Rania_A_and_Pasquier_Philippe_and_Swanson_Reid_and_Ware_Stephen_G_and_Zhu_Jichen(1).pdf:/Volumes/Macintosh HD 2/Dropbox/Zotero/My Library/storage/ST87XPIV/2013-Reports_on_the_2012_AIIDE_Workshops-Bown_Oliver_and_Eigenfeldt_Arne_and_HodHod_Rania_A_and_Pasquier_Philippe_and_Swanson_Reid_and_Ware_Stephen_G_and_Zhu_Jichen(1).pdf:application/pdf}
}

@article{barnes_reports_2015,
	title = {Reports of the workshops held at the {Tenth} {AAAI} {Conference} on {Artificial} {Intelligence} and {Interactive} {Digital} {Entertainment} ({AIIDE})},
	volume = {36},
	url = {http://go.galegroup.com/ps/i.do?id=GALE%7CA409067885&sid=googleScholar&v=2.1&it=r&linkaccess=fulltext&issn=07384602&p=AONE&sw=w},
	number = {1},
	urldate = {2016-06-06},
	journal = {AI Magazine},
	author = {Barnes, Tiffany and Bown, Oliver and Buro, Michael and Cook, Michael and Eigenfeldt, Arne and Muñoz-Avila, Héctor and Ontañón, Santiago and Pasquier, Philippe and Tomuro, Noriko and Young, R. Michael and {others}},
	year = {2015},
	pages = {99--103},
	file = {2576-4667-1-PB.pdf:/Volumes/Macintosh HD 2/Dropbox/Zotero/My Library/storage/AG78H3K4/2576-4667-1-PB.pdf:application/pdf}
}
