@inproceedings{volioti2016mapping,
  title={On mapping emotional states and implicit gestures to sonification output from the'Intangible Musical Instrument'},
  author={Volioti, Christina and Hadjidimitriou, Stelios and Manitsaris, Sotiris and Hadjileontiadis, Leontios and Charisis, Vasileios and Manitsaris, Athanasios},
  booktitle={Proceedings of the 3rd International Symposium on Movement and Computing},
  pages={30},
  year={2016},
  organization={ACM}
}

@article{bay:inpress-a,
  title = "Ben's cool paper",
  author  = "B. Bay", 
  note    = "submitted to ICCC2017",
  journal = "Journal of Nothingness"
}
  
  @inproceedings{colton2008creativity,
  title={Creativity Versus the Perception of Creativity in Computational Systems.},
  author={Colton, Simon},
  booktitle={AAAI spring symposium: creative intelligent systems},
  volume={8},
  year={2008}
}

@article{steedman1984generative,
  title={A generative grammar for jazz chord sequences},
  author={Steedman, Mark J},
  journal={Music Perception: An Interdisciplinary Journal},
  volume={2},
  number={1},
  pages={52--77},
  year={1984},
  publisher={University of California Press Journals}
}

@article{pachet2001finite,
  title={Finite-length Markov processes with constraints},
  author={Pachet, Fran{\c{c}}ois and Roy, Pierre and Barbieri, Gabriele and Paris, Sony CSL},
  journal={transition},
  volume={6},
  number={1/3},
  year={2001}
}

@article{lake2015human,
  title={Human-level concept learning through probabilistic program induction},
  author={Lake, Brenden M and Salakhutdinov, Ruslan and Tenenbaum, Joshua B},
  journal={Science},
  volume={350},
  number={6266},
  pages={1332--1338},
  year={2015},
  publisher={American Association for the Advancement of Science}
}

  @book{boden92,
author = {Margaret Boden},
title = {The Creative Mind},
publisher = {Abacus},
address = {London},
year = {1992},
}

@article{ritchie07,
 author  = {Graeme Ritchie},
 title = {Some Empirical Criteria for Attributing Creativity to a Computer Program},
 journal = {Minds and Machines},
 publisher = {Springer},
 year = {2007}, 
 pages = {76-99},
 volume = {17},
}


@misc{UCI,
 author = "A. Asuncion and D.J. Newman",
 title = "{UCI} Machine Learning Repository", 
 note = "http://www.ics.uci.edu/~mlearn/MLRepository.html",
 howpublished = "University of California, Irvine, School of Information and Computer Sciences"
}


@inproceedings{veale07,
 author = {Tony Veale and Yanfen Hao},
 title = {Comprehending and Generating Apt Metaphors: A Web-driven, Case-based Approach to Figurative Language},
 booktitle = {Proceedings of the Twenty-Second AAAI Conference on Artificial Intelligence (AAAI-07)},
 year = {2007},
 pages = {1471--1476},
 publisher = {AAAI Press},
 address = {Vancouver, British Columbia},
 }

@article{lyu04,
 author = {Siwei Lyu and Daniel Rockmore and Hany Farid},
 title = {A Digital Technique for Art Authentication},
 journal = {Proceedings of the National Academy of Sciences},
 volume = {101},
 number = {49},
 year = {2004},
 pages = {17006--17010},
 }

@incollection{Woods81,
 author =      "Woods, W.A.",
 title =       "Procedural semantics as a theory of meaning",
 booktitle =   "Elements of Discourse Understanding",
 editor =      "Joshi, A.K. and Webber, B.L. and Sag, I.",
 publisher =   "Cambridge University Press",
 address =     "Cambridge, UK",
 year =        1981,
 pages =       "300--334"
}

@Book{Ruch07,
 editor =      {Willibald Ruch},
 title =       {The Sense of Humor: Explorations of a Personality
Characteristic},
 publisher =   {Mouton de Gruyter},
 year =        2007,
 series =      {Mouton Select},
 address =     {Berlin}
}

@techreport{OZ,
 AUTHOR =      {Mark Kantrowitz},
 TITLE =       {Natural Language Text Generation in the {OZ}
                 Interactive Fiction Project},
 YEAR =        {1990},
 INSTITUTION =         {School of Computer Science, Carnegie Mellon
                 University},
 ADDRESS =     {Pittsburgh, PA},
 NUMBER =      {CMU-CS-90-158},
 TYPE =        {Technical Report}
}
