@inproceedings{Ventura2016,
    title = {Mere Generation: Essential Barometer or Dated Concept?},
    year = {2016},
    booktitle = {Proceedings of the Seventh International Conference on Computational Creativity},
    author = {Ventura, Dan},
    pages = {17-24}
}

@article{Ritchie2007,
    title = {Some empirical criteria for attributing creativity to a computer program},
    year = {2007},
    journal = {Minds and Machines},
    author = {Ritchie, Graeme},
    number = {1},
    pages = {67--99},
    volume = {17},
    keywords = {AI methodology, Assessing output, Computational creativity, Empirical criteria, Generating artefacts}
}

@article{Lake2015,
    title = {Human-level concept learning through probabilistic program induction},
    year = {2015},
    journal = {Science},
    author = {Lake, Brenden M. and Salakhutdinov, Ruslan and Tenenbaum, Joshua B.},
    number = {6266},
    pages = {1332--1338},
    volume = {350},
}

@inproceedings{Manning2014,
    title = {The {S}tanford {C}ore{NLP} Natural Language Processing Toolkit},
    year = {2014},
    booktitle = {Proceedings of Fifty-Second Annual Meeting of the Association for Computational Linguistics: System Demonstrations},
    author = {Manning, Christopher and Surdeanu, Mihai and Bauer, John and Finkel, Jenny and Bethard, Steven and McClosky, David},
    pages = {55--60}
}

@manual{Walker2004,
  title={{S}phinx-4: A flexible open source framework for speech recognition},
  author={Walker, Willie and Lamere, Paul and Kwok, Philip and Raj, Bhiksha and Singh, Rita and Gouvea, Evandro and Wolf, Peter and Woelfel, Joe},
  year={2004},
  publisher={Sun Microsystems, Inc.}
}

@phdthesis{Jaques2016,
    title = {Tuning Recurrent Neural Networks with Reinforcement Learning},
    year = {2016},
    booktitle = {Thesis},
    author = {Jaques, Natasha and Gu, Shixiang and Turner, Richard E. and Eck, Douglas},
    school = {Massachusetts Institute of Technology},
    keywords = {Folder - learning - recurrent NN, ear matrix inequality, integral quadratic constraint, lin, recurrent neural network, reinforcement learning, stability analysis}
}

@article{Nunes2014,
    title = {The power of repetition: Repetitive lyrics in a song increase processing fluency and drive market success},
    year = {2014},
    journal = {Journal of Consumer Psychology},
    author = {Nunes, Joseph C. and Ordanini, Andrea and Valsesia, Francesca},
    number = {2},
    pages = {187--199},
    volume = {25}
}

@inproceedings{Colton2011,
    title = {Computational creativity theory: The {FACE} and {IDEA} descriptive models},
    year = {2011},
    booktitle = {Proceedings of the Second International Conference on Computational Creativity},
    author = {Colton, Simon and Pease, Alison and Charnley, John},
    pages = {90--95}
}

@inproceedings{Jordanous2014,
    title = {Stepping Back to Progress Forwards: Setting Standards for Meta-Evaluation of Computational Creativity},
    year = {2014},
    booktitle = {Proceedings of the Fifth International Conference on Computational Creativity},
    author = {Jordanous, Anna},
    pages = {129--136}
}

@article{Papadopoulos1999,
    title = {{AI} Methods for Algorithmic Composition : A Survey, a Critical View and Future Prospects},
    year = {1999},
    journal = {Artificial Intelligence and Simulation of Behaviour Symposium on Musical Creativity},
    author = {Papadopoulos, George and Wiggins, Geraint A.},
    pages = {110--117}
}

@incollection{Mothersill2004,
    title = {The {B}lackwell Guide to Aesthetics},
    year = {2004},
    booktitle = {Beauty and the Critic's Judgment: Remapping Aesthetics},
    author = {Mothersill, Mary},
    editor = {Peter Kivy},
    pages = {152--166},
    publisher = {Blackwell Publishing Ltd}
}

@article{Raphael2004FunctionalModels,
    title = {Functional Harmonic Analysis Using Probabilistic Models},
    year = {2004},
    journal = {Source: Computer Music Journal},
    author = {Raphael, Christopher and Stoddard, Joshua},
    number = {3},
    volume = {28187116}
}

@article{Vos1996AModel,
    title = {A Parallel-Processing Key-Finding Model},
    year = {1996},
    journal = {Source: Music Perception An Interdisciplinary Journal Music Perception Winter},
    author = {Vos, Piet G and Van Geenen, Erwin W},
    number = {2},
    pages = {185--223},
    volume = {14}
}

@article{Hu2003AKEY-PROFILES,
    title = {A PROBABILISTIC TOPIC MODEL FOR UNSUPERVISED LEARNING OF MUSICAL KEY-PROFILES},
    year = {2003},
    journal = {Journal of Machine Learning Research Computer Science},
    author = {Hu, Diane J and Saul, Lawrence K},
    number = {2445},
    volume = {34},
    publisher = {Oxford University Press}
}

@inproceedings{Sharma2016SentimentsSentiWordNet,
    title = {Sentiments mining and classification of music lyrics using {S}enti{W}ord{N}et},
    year = {2016},
    booktitle = {Proceedings of the 2016 Symposium on Colossal Data Analysis and Networking},
    author = {Sharma, Vivek and Agarwal, Apoorv and Dhir, Renu and Sikka, Geeta},
    month = {3},
    pages = {1--6},
    publisher = {IEEE}
}

@article{HuAClassification,
  title={A framework for evaluating multimodal music mood classification},
  author={Hu, Xiao and Choi, Kahyun and Downie, J Stephen},
  journal={Journal of the Association for Information Science and Technology},
  volume={68},
  number={2},
  pages={273--285},
  year={2017},
  publisher={Wiley Online Library}
}

@inproceedings{Shukla2017ReviewMusic,
    title = {Review on sentiment analysis on music},
    year = {2017},
    booktitle = {Proceedings of the 2017 International Conference on Infocom Technologies and Unmanned Systems (Trends and Future Directions)},
    author = {Shukla, Stuti and Khanna, Pooja and Agrawal, Krishna Kant},
    month = {12},
    pages = {777--780},
    publisher = {IEEE}
}

@inproceedings{perez2017mdds,
  title={{MDD}s: Sampling and Probability Constraints},
  author={Perez, Guillaume and R{\'e}gin, Jean-Charles},
  booktitle={Proceedings of the International Conference on Principles and Practice of Constraint Programming},
  pages={226--242},
  year={2017},
  organization={Springer}
}

@article{Revuz1992MinimisationTime,
    title = {Minimisation of acyclic deterministic automata in linear time},
    year = {1992},
    journal = {Theoretical Computer Science},
    author = {Revuz, Dominique},
    number = {92},
    pages = {181--189},
    volume = {92},
}

@inproceedings{Bodily2018MusicalFuture,
    title = {Musical Metacreation: Past, Present, and Future},
    year = {2018},
    booktitle = {Proceedings of the Sixth International Workshop on Musical Metacreation},
    author = {Bodily, Paul M. and Ventura, Dan}
}

@inproceedings{Bodily2018ComparativeAnalysis,
    title = {Comparative Analysis of Key Inference Models for Musical Metacreation},
    year = {2018},
    booktitle = {Proceedings of the Sixth International Workshop on Musical Metacreation},
    author = {Bodily, Paul M. and Ventura, Dan}
}

@inproceedings{Bodily2018ExplainabilitySystems,
    title = {Explainability: An Aesthetic for Aesthetics in Computational Creative Systems},
    year = {2018},
    booktitle = {Proceedings of the Ninth International Conference on Computational Creativity},
    pages={153--160},
    author = {Bodily, Paul M. and Ventura, Dan}
}

@book{Boden2003TheEdition,
    title = {The Creative Mind: Myths and Mechanisms: Second Edition},
    year = {2004},
    booktitle = {The Creative Mind: Myths and Mechanisms: Second Edition},
    author = {Boden, Margaret A.},
    publisher = {Routledge}
}

@inproceedings{Ventura2017HowSystem,
    title = {How to Build a {CC} System},
    year = {2017},
    booktitle = {Proceedings of the Eighth International Conference on Computational Creativity},
    author = {Ventura, Dan},
    pages = {253--260},
}

@article{Jennings2010DevelopingIntelligence,
    title = {Developing creativity: Artificial barriers in artificial intelligence},
    year = {2010},
    journal = {Minds and Machines},
    author = {Jennings, Kyle E.},
    number = {4},
    pages = {489--501},
    volume = {20}
 }

@inproceedings{Bodily2017ComputationalLearning,
    title = {Computational Creativity via Human-Level Concept Learning},
    pages = {57--64},
    year = {2017},
    booktitle = {Proceedings of the Eighth International Conference on Computational Creativity},
    author = {Bodily, Paul M. and Bay, Benjamin and Ventura, Dan}
}

@inproceedings{ColtonExperimentsBrowsing,
    title = {Experiments in Objet Trouv{\'{e}} Browsing},
    author = {Colton, Simon and Gow, Jeremy and Torres, Pedro and Cairns, Paul},
    booktitle={Proceedings of the Second International Conference on Computational Creativity},
   pages={238--247},
   year={2010},
}

@article{Jordanous2012ACreative,
    title = {A Standardised Procedure for Evaluating Creative Systems: Computational Creativity Evaluation Based on What it is to be Creative},
    year = {2012},
    journal = {Cognitive Computation},
    author = {Jordanous, Anna},
    number = {3},
    pages = {246--279},
    volume = {4}
}

@inproceedings{Ackerman2017TeachingCreativity,
    title = {Teaching Computational Creativity},
    year = {2017},
    booktitle = {Proceedings of the Eighth International Conference on Computational Creativity},
    author = {Ackerman, Margareta and Goel, Ashok and Johnson, Colin G and Jordanous, Anna and Le{\'{o}}n, Carlos and P{\'{e}}rez P{\'{e}}rez, Rafael and Toivonen, Hannu and Ventura, Dan},
    pages = {9--16}
}

@book{Koren2010WhichDefinitions,
    title = {Which ``Aesthetics'' Do You Mean? : Ten Definitions},
    year = {2010},
    author = {Koren, Leonard},
    publisher = {Imperfect Publishing},
    address = {Point Reyes, California}
}

@article{Wiggins2006ASystems,
  title={A preliminary framework for description, analysis and comparison of creative systems},
  author={Wiggins, Geraint A.},
  journal={Knowledge-Based Systems},
  volume={19},
  number={7},
  pages={449--458},
  year={2006},
  publisher={Elsevier}
}

@book{Hofstadter1980GodelBach,
    title = {Godel, {E}scher, {B}ach: An Eternal Golden Braid},
    year = {1980},
    author = {Hofstadter, Douglas R.},
    publisher = {Vintage Books},
    address = {New York}
}

@inproceedings{volioti2016mapping,
  title={On mapping emotional states and implicit gestures to sonification output from the `Intangible Musical Instrument'},
  author={Volioti, Christina and Hadjidimitriou, Stelios and Manitsaris, Sotiris and Hadjileontiadis, Leontios and Charisis, Vasileios and Manitsaris, Athanasios},
  booktitle={Proceedings of the Third International Symposium on Movement and Computing},
  pages={1--5},
  year={2016},
  organization={ACM}
}

@article{bay2017ICCC,
  title = "Deterministic Text Transformation Via Constrained Vector-Word Representation",
  author = "Bay, Benjamin and Bodily, Paul M. and Ventura, Dan", 
  journal    = "Proceedings of the Eighth International Conference on Computational Creativity",
  pages = {49--56},
  year ={2017}
}

@article{bodily2017Mume,
  title = "Musical Metacreation using the Hierarchical {B}ayesian Program Learning Framework",
  author = "Bodily, Paul M. and Ventura, Dan", 
  journal    = "Proceedings of the Fifth International Workshop on Musical Metacreation",
  year ={2017}
}
  
@article{bodily2017ICCC,
  title = "Computational Creativity via Human-Level Concept Learning",
  author  = "Bodily, Paul M. and Bay, Ben and Ventura, Dan", 
  journal  = "Proceedings of the Eighth International Conference on Computational Creativity",
  pages = {57--64},
  year ={2017}
}

@inproceedings{colton2008creativity,
  title={Creativity Versus the Perception of Creativity in Computational Systems.},
  author={Colton, Simon},
  booktitle={Proceedings of the Association for the Advancement of Artificial Intelligence Spring Symposium: Creative Intelligent Systems},
  volume={8},
  year={2008}
}

@article{steedman1984generative,
  title={A generative grammar for jazz chord sequences},
  author={Steedman, Mark J.},
  journal={Music Perception: An Interdisciplinary Journal},
  volume={2},
  number={1},
  pages={52--77},
  year={1984},
  publisher={University of California Press Journals}
}

@phdthesis{lake2014thesis,
    title    = {Towards more human-like concept learning in machines: Compositionality, causality, and learning-to-learn},
    school   = {Massachusetts Institute of Technology},
    author   = {Lake, Brendan M.},
    year     = {2014}
}

@inproceedings{pachet2011finite,
  title={Finite-length {M}arkov processes with constraints},
  author={Pachet, Fran{\c{c}}ois and Roy, Pierre and Barbieri, Gabriele},
  booktitle={Proceedings of the Twenty-Second International Joint Conference on Artificial Intelligence},
  pages={ 635--642},
  year={2011}
}

@inproceedings{barbieri2012markov,
  title={Markov constraints for generating lyrics with style},
  author={Barbieri, Gabriele and Pachet, Fran{\c{c}}ois and Roy, Pierre and Esposti, Mirko Degli},
  booktitle={Proceedings of the Twentieth European Conference on Artificial Intelligence},
  pages={115--120},
  year={2012},
  organization={IOS Press}
}

@article{ritchie07,
 author  = {Graeme Ritchie},
 title = {Some Empirical Criteria for Attributing Creativity to a Computer Program},
 journal = {Minds and Machines},
 publisher = {Springer},
 year = {2007}, 
 pages = {76-99},
 volume = {17},
}

@inproceedings{veale07,
 author = {Tony Veale and Yanfen Hao},
 title = {Comprehending and Generating Apt Metaphors: A Web-driven, Case-based Approach to Figurative Language},
 booktitle = {Proceedings of the Twenty-Second Association for the Advancement of Artificial Intelligence Conference on Artificial Intelligence},
 year = {2007},
 pages = {1471--1476},
 publisher = {AAAI Press},
 address = {Vancouver, British Columbia},
 }

@article{lyu04,
 author = {Siwei Lyu and Daniel Rockmore and Hany Farid},
 title = {A Digital Technique for Art Authentication},
 journal = {Proceedings of the National Academy of Sciences},
 volume = {101},
 number = {49},
 year = {2004},
 pages = {17006--17010},
 }

@incollection{Woods81,
 author =      "Woods, W.A.",
 title =       "Procedural semantics as a theory of meaning",
 booktitle =   "Elements of Discourse Understanding",
 editor =      "Joshi, A.K. and Webber, B.L. and Sag, I.",
 publisher =   "Cambridge University Press",
 address =     "Cambridge, UK",
 year =        1981,
 pages =       "300--334"
}

@Book{Ruch07,
 editor =      {Willibald Ruch},
 title =       {The Sense of Humor: Explorations of a Personality Characteristic},
 publisher =   {Mouton de Gruyter},
 year =        2007,
 series =      {Mouton Select},
 address =     {Berlin}
}

@techreport{OZ,
 AUTHOR = {Mark Kantrowitz},
 TITLE = {Natural Language Text Generation in the {OZ} Interactive Fiction Project},
 YEAR = {1990},
 INSTITUTION = {School of Computer Science, Carnegie Mellon University},
 ADDRESS = {Pittsburgh, PA},
 NUMBER = {CMU-CS-90-158},
 TYPE = {Technical Report}
}

@inproceedings{morris2012soup,
  title={Soup over bean of pure joy: Culinary ruminations of an artificial chef},
  author={Morris, Richard G. and Burton, Scott H. and Bodily, Paul M. and Ventura, Dan},
  booktitle={Proceedings of the Third International Conference on Computational Creativity},
  pages={119--125},
  year={2012}
}

@article{hirjee2010using,
  title={Using automated rhyme detection to characterize rhyming style in rap music},
  author={Hirjee, Hussein and Brown, Daniel},
  year={2010},
  volume={5},
  number={4},
  journal={Empirical Musicology Review}
}

@inproceedings{pachet2014imitative,
  title={Imitative leadsheet generation with user constraints},
  author={Pachet, Fran{\c{c}}ois and Roy, Pierre},
  booktitle={Proceedings of the Twenty-First European Conference on Artificial Intelligence},
  pages={1077--1078},
  year={2014},
  organization={IOS Press}
}

@book{englemann1974distar,
  title={DISTAR: Reading Level I},
  author={Englemann, Siegfried and Bruner, Elaine C.},
  publisher={Science Research Associates},
  address={Chicago},
  year={1974}
}

@article{benetos2013automatic,
  title={Automatic music transcription: challenges and future directions},
  author={Benetos, Emmanouil and Dixon, Simon and Giannoulis, Dimitrios and Kirchhoff, Holger and Klapuri, Anssi},
  journal={Journal of Intelligent Information Systems},
  volume={41},
  number={3},
  pages={407--434},
  year={2013},
  publisher={Springer}
}

@book{paris2013natural,
  title={Natural Language Generation in Artificial Intelligence and Computational Linguistics},
  author={Paris, Cecile and Swartout, William R. and Mann, William C.},
  volume={119},
  year={2013},
  publisher={Springer Science \& Business Media}
}

@inproceedings{colton2012computational,
  title={Computational creativity: The final frontier?},
  author={Colton, Simon and Wiggins, Geraint A.},
  booktitle={Proceedings of the Twentieth European Conference on Artificial Intelligence},
  pages={21--26},
  year={2012},
  organization={IOS Press}
}

@inproceedings{papadopoulos2016assisted,
  title={Assisted Lead Sheet Composition Using FlowComposer},
  author={Papadopoulos, Alexandre and Roy, Pierre and Pachet, Fran{\c{c}}ois},
  booktitle={Proceedings of the International Conference on Principles and Practice of Constraint Programming},
  pages={769--785},
  year={2016},
  organization={Springer}
}

@inproceedings{toivanen2013automatical,
  title={Automatical composition of lyrical songs},
  author={Toivanen, Jukka M. and Toivonen, Hannu and Valitutti, Alessandro},
  booktitle={Proceedings of the Fourth International Conference on Computational Creativity},
  pages={87--91},
  year={2013}
}

@inproceedings{roy2013enforcing,
  title={Enforcing Meter in Finite-Length {M}arkov Sequences},
  author={Roy, Pierre and Pachet, Fran{\c{c}}ois},
  booktitle={Proceedings of the Association for the Advancement of Artificial Intelligence Conference on Artificial Intelligence},
  pages={854--861},
  year={2013}
}

@inproceedings{roy2016enforcing,
  title={Enforcing structure on temporal sequences: the {A}llen constraint},
  author={Roy, Pierre and Perez, Guillaume and R{\'e}gin, Jean-Charles and Papadopoulos, Alexandre and Pachet, Fran{\c{c}}ois and Marchini, Marco},
  booktitle={Proceedings of the International Conference on Principles and Practice of Constraint Programming},
  pages={786--801},
  year={2016},
  organization={Springer}
}

@inproceedings{scirea2015smug,
  title={{SMUG}: Scientific music generator},
  author={Scirea, Marco and Barros, Gabriella AB and Shaker, Noor and Togelius, Julian},
  booktitle={Proceedings of the Sixth International Conference on Computational Creativity June},
  pages={204-211},
  year={2015}
}

@book{meyer2008emotion,
  title={Emotion and Meaning in Music},
  author={Meyer, Leonard B},
  year={2008},
  publisher={University of Chicago Press}
}

@article{chuan2011generating,
  title={Generating and evaluating musical harmonizations that emulate style},
  author={Chuan, Ching-Hua and Chew, Elaine},
  journal={Computer Music Journal},
  volume={35},
  number={4},
  pages={64--82},
  year={2011},
  publisher={MIT Press}
}

@inproceedings{ramakrishnan2009automatic,
  title={Automatic generation of {T}amil lyrics for melodies},
  author={Ramakrishnan A, Ananth and Kuppan, Sankar and Devi, Sobha Lalitha},
  booktitle={Proceedings of the Workshop on Computational Approaches to Linguistic Creativity},
  pages={40--46},
  year={2009},
  organization={Association for Computational Linguistics}
}

@inproceedings{ackerman2016algorithmic,
  title={Algorithmic songwriting with {ALYSIA}},
  author={Ackerman, Margareta and Loker, David},
  booktitle={International Conference on Evolutionary and Biologically Inspired Music and Art},
  pages={1--16},
  year={2017},
  organization={Springer}
}

@inproceedings{cook2015generating,
  title={Generating Code For Expressing Simple Preferences: Moving On From Hardcoding And Randomness},
  author={Cook, Michael and Colton, Simon},
  booktitle={Proceedings of the Sixth International Conference on Computational Creativity},
  pages={8--16},
  year={2015}
}

@inproceedings{guckelsberger2017addressing,
  title={Addressing the ``Why?'' in Computational Creativity: A Non-Anthropocentric, Minimal Model of Intentional Creative Agency},
  author={Guckelsberger, Christian and Salge, Christophe and Colton, Simon},
  booktitle={Proceedings of the Eighth International Conference on Computational Creativity},
  pages={128--135},
  year={2017}
}

@inproceedings{heath2016creating,
  title={Creating Images by Learning Image Semantics Using Vector Space Models.},
  author={Heath, Derrall and Ventura, Dan},
  booktitle={Proceedings of the Association for the Advancement of Artificial Intelligence},
  pages={1202--1208},
  year={2016}
}

@inproceedings{abgaz2017characteristics,
  title={Characteristics of Pro-c Analogies and Blends between Research Publications},
  author={Abgaz, Y and Chaudhry, Ehtzaz and O’Donoghue, DP and Hurley, D and Zhang, Jian J},
  booktitle={Proceedings of the Eighth International Conference on Computational Creativity},
  pages={1--8},
  year={2017}
}

@inproceedings{monteith2012automatic,
  title={Automatic generation of melodic accompaniments for lyrics},
  author={Monteith, Kristine and Martinez, Tony and Ventura, Dan},
  booktitle={Proceedings of the Third International Conference on Computational Creativity},
  pages={87--94},
  year={2012}
}

@inproceedings{monteith2010automatic,
  title={Automatic Generation of Music for Inducing Emotive Response.},
  author={Monteith, Kristine and Martinez, Tony R and Ventura, Dan},
  booktitle={Proceedings of the First International Conference on Computational Creativity},
  pages={140--149},
  year={2010}
}

@book{hofstadter1980godel,
  title={G{\"o}del, Escher, Bach: An Eternal Golden Braid;[a Metaphoric Fugue on Minds and Machines in the Spirit of Lewis Carroll].},
  author={Hofstadter, Douglas H},
  year={1980},
  publisher={Penguin Books}
}

@article{conklin1995multiple,
  title={Multiple viewpoint systems for music prediction},
  author={Conklin, Darrell and Witten, Ian H.},
  journal={Journal of New Music Research},
  volume={24},
  number={1},
  pages={51--73},
  year={1995},
  publisher={Taylor \& Francis}
}

@inproceedings{pachet1991representing,
  title={Representing knowledge used by jazz musicians},
  author={Pachet, Fran{\c{c}}ois},
  booktitle={Proceedings of the International Computer Music Conference},
  pages={285--285},
  year={1991},
  organization={International Computer Music Association}
}

@inproceedings{papadopoulos1999ai,
  title={{AI} methods for algorithmic composition: A survey, a critical view and future prospects},
  author={Papadopoulos, George and Wiggins, Geraint A.},
  booktitle={Proceedings of the Artificial Intelligence and Simulation of Behaviour Symposium on Musical Creativity},
  pages={110--117},
  year={1999},
  organization={Edinburgh, UK}
}

@techreport{paiement2005chord,
  title={Chord representations for probabilistic models},
  author={Paiement, Jean-Fran{\c{c}}ois and Eck, Douglas and Bengio, Samy},
  year={2005},
  institution={IDIAP}
}

@inproceedings{dixon2010probabilistic,
  title={Probabilistic and logic-based modelling of harmony},
  author={Dixon, Simon and Mauch, Matthias and Anglade, Am{\'e}lie},
  booktitle={Proceedings of the Seventh International Symposium on Computer Music Modeling and Retrieval},
  pages={1--19},
  year={2010},
  organization={Springer}
}

@article{cope1989experiments,
  title={Experiments in musical intelligence ({EMI}): Non-linear linguistic-based composition},
  author={Cope, David},
  journal={Journal of New Music Research},
  volume={18},
  number={1-2},
  pages={117--139},
  year={1989},
  publisher={Taylor \& Francis}
}

@incollection{hyer2001,
  author      = "Brian Hyer",
  title       = "Tonality",
  editor      = "Stanley Sadie and John Tyrrell",
  booktitle   = "The New Grove Dictionary of Music and Musicians",
  publisher   = "Macmillan Publishers",
  address     = "London",
  edition = 2,
  year        = 2001
}

@inproceedings{Fast2016,
  title={Empath: Understanding topic signals in large-scale text},
  author={Fast, Ethan and Chen, Binbin and Bernstein, Michael S},
  booktitle={Proceedings of the CHI Conference on Human Factors in Computing Systems},
  pages={4647--4657},
  year={2016},
  organization={ACM}
}

@article{smith1981identification,
  title={Identification of common molecular subsequences},
  author={Smith, Temple F and Waterman, Michael S},
  journal={Journal of Molecular Biology},
  volume={147},
  number={1},
  pages={195--197},
  year={1981},
  publisher={Elsevier}
}

@inproceedings{papadopoulos2015exact,
  title={Exact sampling for regular and {M}arkov constraints with belief propagation},
  author={Papadopoulos, Alexandre and Pachet, Fran{\c{c}}ois and Roy, Pierre and Sakellariou, Jason},
  booktitle={Proceedings of the International Conference on Principles and Practice of Constraint Programming},
  pages={341--350},
  year={2015},
  organization={Springer}
}

@inproceedings{pesant2004regular,
  title={A regular language membership constraint for finite sequences of variables},
  author={Pesant, Gilles},
  booktitle={Proceedings of the International Conference on Principles and Practice of Constraint Programming},
  pages={482--495},
  year={2004},
  publisher={Springer}
}

@inproceedings{papadopoulos2014avoiding,
  title={Avoiding Plagiarism in {M}arkov Sequence Generation.},
  author={Papadopoulos, Alexandre and Roy, Pierre and Pachet, Fran{\c{c}}ois},
  booktitle={Proceedings of the Association for the Advancement of Artificial Intelligence Conference on Artificial Intelligence},
  pages={2731--2737},
  year={2014}
}

@article{jalongo1997using,
  title={Using song picture books to support emergent literacy},
  author={Jalongo, Mary Renck and Ribblett, Deborah McDonald},
  journal={Childhood Education},
  volume={74},
  number={1},
  pages={15--22},
  year={1997},
  publisher={Taylor \& Francis}
}
@article{pasiali2004use,
  title={The use of prescriptive therapeutic songs in a home-based environment to promote social skills acquisition by children with autism: Three case studies},
  author={Pasiali, Varvara},
  journal={Music Therapy Perspectives},
  volume={22},
  number={1},
  pages={11--20},
  year={2004},
  publisher={American Music Therapy Association}
}
@article{robb2008randomized,
  title={Randomized controlled trial of the active music engagement ({AME}) intervention on children with cancer},
  author={Robb, Sheri L. and Clair, Alicia A. and Watanabe, Masayo and Monahan, Patrick O. and Azzouz, Faouzi and Stouffer, Janice W and Ebberts, Allison and Darsie, Emily and Whitmer, Courtney and Walker, Joey},
  journal={Psycho-Oncology},
  volume={17},
  number={7},
  pages={699--708},
  year={2008},
  publisher={Wiley Online Library}
}
@article{towell1999motivating,
  title={Motivating students through music and literature},
  author={Towell, Janet H.},
  journal={The Reading Teacher},
  volume={53},
  number={4},
  pages={284--287},
  year={1999},
  publisher={JSTOR}
}
@article{kolb1996read,
  title={Read with a beat: Developing literacy through music and song},
  author={Kolb, Gayla R.},
  journal={The Reading Teacher},
  volume={50},
  number={1},
  pages={76},
  year={1996},
  publisher={Blackwell Publishing Ltd.}
}
@article{davies2009385+,
  title={The 385+ million word Corpus of Contemporary {A}merican {E}nglish (1990--2008+): Design, architecture, and linguistic insights},
  author={Davies, Mark},
  journal={International Journal of Corpus Linguistics},
  volume={14},
  number={2},
  pages={159--190},
  year={2009},
  publisher={John Benjamins Publishing Company}
}
@inproceedings{mikolov2013distributed,
  title={Distributed representations of words and phrases and their compositionality},
  author={Mikolov, Tomas and Sutskever, Ilya and Chen, Kai and Corrado, Greg S. and Dean, Jeff},
  booktitle={Proceedings of the Advances in Neural Information Processing Systems},
  pages={3111--3119},
  year={2013}
}

@article{lecun2015deep,
  title={Deep learning},
  author={LeCun, Yann and Bengio, Yoshua and Hinton, Geoffrey},
  journal={Nature},
  volume={521},
  number={7553},
  pages={436--444},
  year={2015},
  publisher={Nature Research}
}

@article{meredith2002algorithms,
  title={Algorithms for discovering repeated patterns in multidimensional representations of polyphonic music},
  author={Meredith, David and Lemstr{\"o}m, Kjell and Wiggins, Geraint A.},
  journal={Journal of New Music Research},
  volume={31},
  number={4},
  pages={321--345},
  year={2002},
  publisher={Taylor \& Francis}
}

@inproceedings{collins2010comparative,
  title={A comparative evaluation of algorithms for discovering translational patterns in baroque keyboard works},
  author={Collins, Tom and Thurlow, Jeremy and Laney, Robin and Willis, Alistair and Garthwaite, Paul},
  booktitle={Proceedings of the Eleventh International Society for Music Information Retrieval Conference},
  pages={3--8},
  year={2010}
}

@article{collins2017computer,
  title={Computer--generated stylistic compositions with long--term repetitive and phrasal structure},
  author={Collins, Tom and Laney, Robin},
  journal={Journal of Creative Music Systems},
  volume={1},
  number={2},
  year={2017}
}

@inproceedings{lattner2015pseudo,
  title={Pseudo-Supervised Training Improves Unsupervised Melody Segmentation.},
  author={Lattner, Stefan and Chac{\'o}n, Carlos Eduardo Cancino and Grachten, Maarten},
  booktitle={Proceedings of the International Joint Conference on Artificial Intelligence},
  pages={2459--2465},
  year={2015}
}

@inproceedings{lattner2015probabilistic,
  title={Probabilistic segmentation of musical sequences using restricted {B}oltzmann machines},
  author={Lattner, Stefan and Grachten, Maarten and Agres, Kat and Chac{\'o}n, Carlos Eduardo Cancino},
  booktitle={Mathematics and Computation in Music},
  pages={323--334},
  year={2015},
  organization={Springer}
}

@article{needleman1970general,
  title={A general method applicable to the search for similarities in the amino acid sequence of two proteins},
  author={Needleman, Saul B. and Wunsch, Christian D.},
  journal={Journal of Molecular Biology},
  volume={48},
  number={3},
  pages={443--453},
  year={1970},
  publisher={Elsevier}
}

@article{henikoff1992amino,
  title={Amino acid substitution matrices from protein blocks},
  author={Henikoff, Steven and Henikoff, Jorja G.},
  journal={Proceedings of the National Academy of Sciences},
  volume={89},
  number={22},
  pages={10915--10919},
  year={1992},
  publisher={National Acad Sciences}
}

@incollection{dayhoff197822,
  title={A Model of Evolutionary Change in Proteins},
  author={Dayhoff, Margaret O. and Schwartz, Robert M. and Orcutt, Bruce C.},
  booktitle={Atlas of Protein Sequence and Structure},
  volume={5},
  pages={345--352},
  year={1978},
  publisher={National Biomedical Research Foundation Silver Spring, MD}
}

@inproceedings{gao2015octave,
  title={Octave-dependent Probabilistic Latent Semantic Analysis to Chorus Detection of Popular Song},
  author={Gao, Sheng and Li, Haizhou},
  booktitle={Proceedings of the Twenty-Third ACM International Conference on Multimedia},
  pages={979--982},
  year={2015},
  organization={ACM}
}

@inproceedings{pachet2017sampling,
  title={Sampling variations of sequences for structured music generation},
  author={Pachet, Fran{\c{c}}ois and Papadopoulos, Alexandre and Roy, Pierre},
  booktitle={Proceedings of the International Society for Music Information Retrieval Conference},
  pages={167--173},
  year={2017}
}

@inproceedings{mumford2015man,
  title={The man behind the curtain: Overcoming skepticism about creative computing},
  author={Mumford, Martin and Ventura, Dan},
  booktitle={Proceedings of the Sixth International Conference on Computational Creativity},
  pages={1--6},
  year={2015}
}

@inproceedings{linkola2017aspects,
  title={Aspects of Self-awareness: An Anatomy of Metacreative Systems},
  author={Linkola, Simo and Kantosalo, Anna and M{\"a}nnist{\"o}, Tomi and Toivonen, Hannu},
  booktitle={Proceedings of the Eighth International Conference on Computational Creativity},
  pages={189--196},
  year={2017}
}

@inproceedings{kazakcci2016digits,
  title={Digits that are not: Generating new types through deep neural nets},
  author={Kazak{\c{c}}{\i}, Ak{\i}n and Mehdi, Cherti and K{\'e}gl, Bal{\'a}zs},
  booktitle={Proceedings of the Seventh International Conference on Computational Creativity},
  pages={188--195},
  year={2016}
}

@article{perez2015computer,
  title={A computer-based model for collaborative narrative generation},
  author={P{\'e}rez y P{\'e}rez, Rafael},
  journal={Cognitive Systems Research},
  volume={36},
  pages={30--48},
  year={2015},
  publisher={Elsevier}
}

@article{perez2004three,
  title={Three computer-based models of storytelling: {BRUTUS}, {MINSTREL} and {MEXICA}},
  author={P{\'e}rez y P{\'e}rez, Rafael and Sharples, Mike},
  journal={Knowledge-based systems},
  volume={17},
  number={1},
  pages={15--29},
  year={2004},
  publisher={Elsevier}
}

@book{birkhoff1933aesthetic,
  title={Aesthetic Measure},
  author={Birkhoff, George David},
  year={1933},
  publisher={Harvard University Press Cambridge}
}

@article{shannon2001mathematical,
  title={A mathematical theory of communication},
  author={Shannon, Claude Elwood},
  journal={ACM SIGMOBILE Mobile Computing and Communications Review},
  volume={5},
  number={1},
  pages={3--55},
  year={2001},
  publisher={ACM}
}

@article{norton2013finding,
  title={Finding creativity in an artificial artist},
  author={Norton, David and Heath, Derrall and Ventura, Dan},
  journal={The Journal of Creative Behavior},
  volume={47},
  number={2},
  pages={106--124},
  year={2013},
  publisher={Wiley Online Library}
}

@article{kasof1995explaining,
  title={Explaining creativity: The attributional perspective},
  author={Kasof, Joseph},
  journal={Creativity Research Journal},
  volume={8},
  number={4},
  pages={311--366},
  year={1995},
  publisher={Taylor \& Francis}
}

@article{likert1932technique,
  title={A technique for the measurement of attitudes},
  author={Likert, Rensis},
  journal={Archives of Psychology},
  volume={140},
  pages={54--55},
  year={1932}
}

@inproceedings{eigenfeldt2017distributed,
  title={Distributed musical decision-making in an ensemble of musebots: Dramatic changes and endings},
  author={Eigenfeldt, Arne and Bown, Oliver and Brown, Andrew R. and Gifford, Toby},
  booktitle={Proceedings of the Eighth International Conference on Computational Creativity. Association for Computational Creativity},
  pages={88--95},
  year={2017}
}

@article{csikszentmihalyi1997flow,
  title={Flow and the Psychology of Discovery and Invention},
  author={Csikszentmihalyi, Mihaly},
  journal={HarperPerennial, New York},
  volume={39},
  year={1997}
}

@article{silver2016mastering,
  title={Mastering the game of Go with deep neural networks and tree search},
  author={Silver, David and Huang, Aja and Maddison, Chris J. and Guez, Arthur and Sifre, Laurent and Van Den Driessche, George and Schrittwieser, Julian and Antonoglou, Ioannis and Panneershelvam, Veda and Lanctot, Marc},
  journal={Nature},
  volume={529},
  number={7587},
  pages={484--489},
  year={2016},
  publisher={Nature Research}
}

@incollection{colton2015stakeholder,
  title={Stakeholder groups in computational creativity research and practice},
  author={Colton, Simon and Pease, Alison and Corneli, Joseph and Cook, Michael and Hepworth, Rose and Ventura, Dan},
  booktitle={Computational Creativity Research: Towards Creative Machines},
  pages={3--36},
  year={2015},
  publisher={Springer}
}

@article{bodily2018floating,
  title = "Floating and Dynamic Constraints in Non-Homogeneous {M}arkov Models",
  author = "Bodily, Paul M. and Ventura, Dan", 
  note    = "Paper to be submitted to Association for the Advancement of Artificial Intelligence Conference on Artificial Intelligence",
  year ={2018}
}

@article{bodily2018abstract,
  title = "Sequential Structure Inference Via Multiple Self-Alignment",
  author = "Bodily, Paul M. and Ventura, Dan", 
  note    = "Paper to be submitted to Association for the Advancement of Artificial Intelligence Conference on Artificial Intelligence",
  year ={2018}
}

@article{bodily2018relational,
  title = "Binary Relational Constraints in Non-Homogeneous {M}arkov Models",
  author = "Bodily, Paul M. and Ventura, Dan", 
  note    = "Paper to be submitted to Association for the Advancement of Artificial Intelligence Conference on Artificial Intelligence",
  year ={2018}
}

@article{hedges2016improving,
  title={Improving predictions of derived viewpoints in multiple viewpoint systems},
  author={Hedges, TW and Wiggins, Geraint A.},
  journal={Proceedings of the Seventeenth International Society for Music Information Retrieval Conference},
  year={2016}
}

@article{widmer2017getting,
  title={Getting closer to the essence of music: The Con Espressione manifesto},
  author={Widmer, Gerhard},
  journal={ACM Transactions on Intelligent Systems and Technology (TIST)},
  volume={8},
  number={2},
  pages={19},
  year={2017},
  publisher={ACM}
}